<record><leader>00000cas a22000007a 4500</leader><controlfield tag="001">17844003</controlfield><controlfield tag="008">880423d18941896iauwr ne      0    0eng d</controlfield><datafield ind1=" " ind2=" " tag="010"><subfield code="a">sn 88059562 </subfield></datafield><datafield ind1=" " ind2=" " tag="040"><subfield code="a">INP</subfield><subfield code="b">eng</subfield><subfield code="c">INP</subfield><subfield code="d">OCLCQ</subfield></datafield><datafield ind1=" " ind2=" " tag="042"><subfield code="a">msc</subfield></datafield><datafield ind1="0" ind2=" " tag="130"><subfield code="a">Record-Republican (Wapello, Iowa)</subfield></datafield><datafield ind1="1" ind2="4" tag="245"><subfield code="a">The Record-Republican.</subfield></datafield><datafield ind1=" " ind2=" " tag="260"><subfield code="a">Wapello, Iowa :</subfield><subfield code="b">C.M. Wright</subfield></datafield><datafield ind1=" " ind2=" " tag="300"><subfield code="a">v.</subfield></datafield><datafield ind1=" " ind2=" " tag="310"><subfield code="a">Weekly</subfield></datafield><datafield ind1="1" ind2=" " tag="362"><subfield code="a">Issued Nov. 1894-Dec. 1896.</subfield></datafield><datafield ind1=" " ind2=" " tag="500"><subfield code="a">Publisher varies.</subfield></datafield><datafield ind1=" " ind2=" " tag="588"><subfield code="a">Description based on: Vol. 25, no. 7 (Nov. 29, 1894).</subfield></datafield><datafield ind1=" " ind2=" " tag="752"><subfield code="a">United States</subfield><subfield code="b">Iowa</subfield><subfield code="c">Louisa</subfield><subfield code="d">Wapello.</subfield></datafield><datafield ind1="0" ind2="4" tag="780"><subfield code="t">Louisa County record</subfield><subfield code="w">(DLC)sn 84027402</subfield></datafield><datafield ind1="0" ind2="4" tag="780"><subfield code="t">Wapello Republican (Wapello, Iowa : 1860)</subfield><subfield code="w">(DLC)sn 84038491</subfield></datafield><datafield ind1="0" ind2="0" tag="785"><subfield code="t">Wapello Republican and Louisa County record</subfield><subfield code="w">(DLC)sn 88059563</subfield></datafield></record>